<record><leader>00000cas a2200000 a 4500</leader><controlfield tag="001">10909549</controlfield><controlfield tag="008">840703d19171938arumr ne      0    0eng d</controlfield><datafield ind1=" " ind2=" " tag="010"><subfield code="a">sn 88083086 </subfield></datafield><datafield ind1=" " ind2=" " tag="040"><subfield code="a">VRR</subfield><subfield code="b">eng</subfield><subfield code="c">VRR</subfield><subfield code="d">PPM</subfield><subfield code="d">ANU</subfield><subfield code="d">OCL</subfield><subfield code="d">OCLCQ</subfield><subfield code="d">OCLCF</subfield><subfield code="d">OCLCO</subfield></datafield><datafield ind1="1" ind2=" " tag="029"><subfield code="a">AU@</subfield><subfield code="b">000020494691</subfield></datafield><datafield ind1=" " ind2=" " tag="042"><subfield code="a">msc</subfield></datafield><datafield ind1="0" ind2="4" tag="245"><subfield code="a">The Baptist and commoner.</subfield></datafield><datafield ind1="3" ind2="0" tag="246"><subfield code="a">Baptist &amp; commoner</subfield></datafield><datafield ind1=" " ind2=" " tag="260"><subfield code="a">Little Rock, Ark. :</subfield><subfield code="b">Baptist Pub. Co.</subfield></datafield><datafield ind1=" " ind2=" " tag="300"><subfield code="a">v. ;</subfield><subfield code="c">45 cm.</subfield></datafield><datafield ind1=" " ind2=" " tag="310"><subfield code="a">Monthly,</subfield><subfield code="b">Sept. 30, 1936-Apr. 30, 1938</subfield></datafield><datafield ind1=" " ind2=" " tag="321"><subfield code="a">Weekly,</subfield><subfield code="b">May 9, 1917-Apr. 6, 1932</subfield></datafield><datafield ind1=" " ind2=" " tag="321"><subfield code="a">Semimonthly,</subfield><subfield code="b">Apr. 15, 1932- Aug. 31, 1936.</subfield></datafield><datafield ind1="0" ind2=" " tag="362"><subfield code="a">New ser., v. 1, no. 1 (May 9, 1917)-new ser., v. 22, no. 1 (Apr. 30, 1938).</subfield></datafield><datafield ind1=" " ind2=" " tag="500"><subfield code="a">Published as: Baptist &amp; commoner, Sept. 15, 1933-Apr. 30, 1938.</subfield></datafield><datafield ind1=" " ind2=" " tag="500"><subfield code="a">Published at Benton and Little Rock, Ark. &lt;Jan. 3, 1923&gt;-Apr. 24, 1935.</subfield></datafield><datafield ind1=" " ind2=" " tag="515"><subfield code="a">Numbering is irregular.</subfield></datafield><datafield ind1=" " ind2="0" tag="650"><subfield code="a">Baptists</subfield><subfield code="z">Arkansas</subfield><subfield code="v">Newspapers.</subfield></datafield><datafield ind1=" " ind2="7" tag="655"><subfield code="a">Newspapers.</subfield><subfield code="2">fast</subfield><subfield code="0">(OCoLC)fst01423814</subfield></datafield><datafield ind1=" " ind2="7" tag="650"><subfield code="a">Baptists.</subfield><subfield code="2">fast</subfield><subfield code="0">(OCoLC)fst00827285</subfield></datafield><datafield ind1=" " ind2="7" tag="651"><subfield code="a">Arkansas.</subfield><subfield code="2">fast</subfield><subfield code="0">(OCoLC)fst01204809</subfield></datafield><datafield ind1=" " ind2=" " tag="752"><subfield code="a">United States</subfield><subfield code="b">Arkansas</subfield><subfield code="c">Pulaski</subfield><subfield code="d">Little Rock.</subfield></datafield><datafield ind1=" " ind2=" " tag="752"><subfield code="a">United States</subfield><subfield code="b">Arkansas</subfield><subfield code="c">Saline</subfield><subfield code="d">Benton.</subfield></datafield><datafield ind1="0" ind2="4" tag="780"><subfield code="t">Baptist (Little Rock, Ark. : 1914)</subfield><subfield code="w">(DLC)sn 89051141</subfield></datafield><datafield ind1="0" ind2="4" tag="780"><subfield code="t">Baptist commoner</subfield><subfield code="w">(DLC)sn 89051142</subfield></datafield><datafield ind1="0" ind2="7" tag="785"><subfield code="t">American Baptist (Lexington, Ky.)</subfield><subfield code="w">(DLC)sn 89051136</subfield></datafield><datafield ind1="0" ind2="7" tag="785"><subfield code="t">American Baptist &amp; commoner</subfield><subfield code="w">(DLC)sn 89051135</subfield></datafield></record>